@inproceedings{tjong2003introduction,
  title={Introduction to the CoNLL-2003 shared task: Language-independent named entity recognition},
  author={Tjong Kim Sang, Erik F and De Meulder, Fien},
  booktitle={Proceedings of the seventh conference on Natural language learning at HLT-NAACL 2003-Volume 4},
  pages={142--147},
  year={2003},
  organization={Association for Computational Linguistics}
}

@article{DBLP:journals/corr/abs-cs-0504020,
  author    = {G. David Forney Jr.},
  title     = {The Viterbi Algorithm: {A} Personal History},
  journal   = {CoRR},
  volume    = {abs/cs/0504020},
  year      = {2005},
  url       = {http://arxiv.org/abs/cs/0504020},
  timestamp = {Mon, 05 Dec 2011 18:03:41 +0100},
  biburl    = {http://dblp.uni-trier.de/rec/bib/journals/corr/abs-cs-0504020},
  bibsource = {dblp computer science bibliography, http://dblp.org}
}