@article{DBLP:journals/jmlr/BengioDVJ03,
  author    = {Yoshua Bengio and
                 R{\'{e}}jean Ducharme and
                                Pascal Vincent and
                                               Christian Janvin},
                                                 title     = {A Neural Probabilistic Language Model},
                                                   journal   = {Journal of Machine Learning Research},
                                                     volume    = {3},
                                                       pages     = {1137--1155},
                                                         year      = {2003},
                                                           url       = {http://www.jmlr.org/papers/v3/bengio03a.html},
                                                             timestamp = {Thu, 05 Feb 2004 13:43:02 +0100},
                                                               biburl    = {http://dblp.uni-trier.de/rec/bib/journals/jmlr/BengioDVJ03},
                                                                 bibsource = {dblp computer science bibliography, http://dblp.org}
                                                                 }

@article{DBLP:journals/corr/MikolovSCCD13,
  author    = {Tomas Mikolov and
               Ilya Sutskever and
               Kai Chen and
               Greg Corrado and
               Jeffrey Dean},
  title     = {Distributed Representations of Words and Phrases and their Compositionality},
  journal   = {CoRR},
  volume    = {abs/1310.4546},
  year      = {2013},
  url       = {http://arxiv.org/abs/1310.4546},
  timestamp = {Thu, 07 May 2015 20:02:01 +0200},
  biburl    = {http://dblp.uni-trier.de/rec/bib/journals/corr/MikolovSCCD13},
  bibsource = {dblp computer science bibliography, http://dblp.org}
}

@article{DBLP:journals/neco/HochreiterS97,
  bibsource = { dblp computer science bibliography, http://dblp.org },
  biburl = { http://dblp.uni-trier.de/rec/bib/journals/neco/HochreiterS97 },
  timestamp = { Thu, 17 Nov 2011 16:24:23 +0100 },
  doi = { 10.1162/neco.1997.9.8.1735 },
  url = { http://dx.doi.org/10.1162/neco.1997.9.8.1735 },
  year = { 1997 },
  pages = { 1735--1780 },
  number = { 8 },
  volume = { 9 },
  journal = { Neural Computation },
  title = { Long Short-Term Memory },
  author = { Sepp Hochreiter and
                 J{\"{u}}rgen Schmidhuber },
}

@article{DBLP:journals/corr/ChungGCB14,
  bibsource = { dblp computer science bibliography, http://dblp.org },
  biburl = { http://dblp.uni-trier.de/rec/bib/journals/corr/ChungGCB14 },
  timestamp = { Thu, 01 Jan 2015 19:51:08 +0100 },
  url = { http://arxiv.org/abs/1412.3555 },
  year = { 2014 },
  volume = { abs/1412.3555 },
  journal = { CoRR },
  title = { Empirical Evaluation of Gated Recurrent Neural Networks on Sequence
                                                                Modeling },
  author = { Junyoung Chung and
                 {\c{C}}aglar G{\"{u}}l{\c{c}}ehre and
                                KyungHyun Cho and
                                               Yoshua Bengio },
}

@article{DBLP:journals/cogsci/Elman90,
  bibsource = { dblp computer science bibliography, http://dblp.org },
  biburl = { http://dblp.uni-trier.de/rec/bib/journals/cogsci/Elman90 },
  timestamp = { Sat, 14 Apr 2012 16:35:23 +0200 },
  doi = { 10.1207/s15516709cog1402_1 },
  url = { http://dx.doi.org/10.1207/s15516709cog1402_1 },
  year = { 1990 },
  pages = { 179--211 },
  number = { 2 },
  volume = { 14 },
  journal = { Cognitive Science },
  title = { Finding Structure in Time },
  author = { Jeffrey L. Elman },
}

@inproceedings{mnih2013learning,
  title={Learning word embeddings efficiently with noise-contrastive estimation},
    author={Mnih, Andriy and Kavukcuoglu, Koray},
      booktitle={Advances in Neural Information Processing Systems},
        pages={2265--2273},
          year={2013}
          }